<collection xmlns="http://www.loc.gov/MARC21/slim">
<record>
  <leader>01019nam0a22002051i 450 </leader>
  <controlfield tag="001">IT\ICCU\CNCE\080410</controlfield>
  <controlfield tag="005">20201019000000.0</controlfield>
  <datafield tag="100" ind1=" " ind2=" ">
    <subfield code="a">20201002f15601569    0itac0103    ba</subfield>
  </datafield>
  <datafield tag="101" ind1=" " ind2=" ">
    <subfield code="a">ITA</subfield>
  </datafield>
  <datafield tag="102" ind1=" " ind2=" ">
    <subfield code="a">IT</subfield>
  </datafield>
  <datafield tag="200" ind1="1" ind2=" ">
    <subfield code="a">Narratione di vn giouane, ilqual  ̈stato longo tempo schiauo de i Corsari, narrando le estreme fatiche, &amp; trauagli, che si sopporta a esser nelle man loro, con vna disperata di vn giouane, &amp; vna villanella piaceuoule</subfield>
  </datafield>
  <datafield tag="210" ind1=" " ind2=" ">
    <subfield code="a">\Venezia</subfield>
    <subfield code="c">Domenico de Franceschi</subfield>
    <subfield code="d">156.!</subfield>
  </datafield>
  <datafield tag="215" ind1=" " ind2=" ">
    <subfield code="a">\4! c.</subfield>
    <subfield code="d">8ʻ</subfield>
  </datafield>
  <datafield tag="300" ind1=" " ind2=" ">
    <subfield code="a">La data si ricava dall&apos;analisi del materiale tipografico</subfield>
  </datafield>
  <datafield tag="620" ind1=" " ind2=" ">
    <subfield code="a">IT</subfield>
    <subfield code="d">Venezia</subfield>
  </datafield>
  <datafield tag="712" ind1="0" ind2="0">
    <subfield code="a">De_Franceschi, Domenico</subfield>
    <subfield code="3">IT\ICCU\CNCT\000001</subfield>
    <subfield code="4">650</subfield>
  </datafield>
  <datafield tag="791" ind1="0" ind2="0">
    <subfield code="a">Franceschi, Domenico de</subfield>
    <subfield code="3">IT\ICCU\CNCT\003739</subfield>
    <subfield code="z">De_Franceschi, Domenico</subfield>
  </datafield>
  <datafield tag="791" ind1="0" ind2="0">
    <subfield code="a">Franciscis, Dominicus de</subfield>
    <subfield code="3">IT\ICCU\CNCT\003740</subfield>
    <subfield code="z">De_Franceschi, Domenico</subfield>
  </datafield>
  <datafield tag="801" ind1=" " ind2="3">
    <subfield code="a">IT</subfield>
    <subfield code="b">ICCU</subfield>
    <subfield code="c">20201115</subfield>
  </datafield>
  <datafield tag="921" ind1=" " ind2=" ">
    <subfield code="a">IT\ICCU\CNCM\002605</subfield>
    <subfield code="b">Iniziali D.F. sormontate da croce. Nella cornice del frontespizio.</subfield>
    <subfield code="c">U1120</subfield>
    <subfield code="f">DF</subfield>
    <subfield code="f">CROCE</subfield>
    <subfield code="g">[non prima del 1557]-1566</subfield>
  </datafield>
</record>
</collection>
